<record xmlns="http://www.loc.gov/MARC21/slim" xmlns:xsi="http://www.w3.org/2001/XMLSchema-instance" xsi:schemaLocation="http://www.loc.gov/MARC21/slim http://www.loc.gov/standards/marcxml/schema/MARC21slim.xsd"><leader>01283nam a2200325   4500</leader><controlfield tag="001">002772021</controlfield><controlfield tag="003">NNU</controlfield><controlfield tag="006">m        d        </controlfield><controlfield tag="007">cr cn |||m|||a</controlfield><controlfield tag="008">150116s1982    ir      od    000 0 arar</controlfield><datafield ind1=" " ind2=" " tag="040"><subfield code="a">NNU</subfield><subfield code="b">eng</subfield><subfield code="c">NNU</subfield></datafield><datafield ind1="0" ind2=" " tag="041"><subfield code="a">ara</subfield><subfield code="a">per</subfield></datafield><datafield ind1="0" ind2=" " tag="050"><subfield code="a">BP133</subfield><subfield code="b">.Q26 1982</subfield></datafield><datafield ind1=" " ind2=" " tag="090"><subfield code="a">BP133</subfield><subfield code="b">.Q26 1982</subfield></datafield><datafield ind1="1" ind2=" " tag="100"><subfield code="a">Qarsh&#299;, &#699;Al&#299; Akbar.</subfield></datafield><datafield ind1="1" ind2="0" tag="245"><subfield code="a">Q&#257;m&#363;s-i Qur&#700;&#257;n</subfield><subfield code="h">[electronic resource] /</subfield><subfield code="c">t&#257;&#700;l&#299;f-i &#699;Al&#299; Akbar Qarsh&#299;.</subfield></datafield><datafield ind1=" " ind2=" " tag="250"><subfield code="a">Ch&#257;p-i 3.</subfield></datafield><datafield ind1=" " ind2=" " tag="260"><subfield code="a">&#7788;ihr&#257;n :</subfield><subfield code="b">D&#257;r al-Kutub al-Isl&#257;m&#299;yah,</subfield><subfield code="c">1361 [1982 or 1983]</subfield></datafield><datafield ind1=" " ind2=" " tag="300"><subfield code="a">online resource (7 v. in 3)</subfield></datafield><datafield ind1=" " ind2=" " tag="500"><subfield code="a">Arabic and Persian.</subfield></datafield><datafield ind1=" " ind2=" " tag="500"><subfield code="a">Part of the Arabic Collections Online (ACO) project, contributed by New York Univeristy Libraries.</subfield></datafield><datafield ind1=" " ind2=" " tag="533"><subfield code="a">Electronic reproduction.</subfield><subfield code="b">New York, N.Y. :</subfield><subfield code="c">New York University,</subfield><subfield code="d">2015.</subfield><subfield code="5">NNU</subfield></datafield><datafield ind1="0" ind2="0" tag="630"><subfield code="a">Koran</subfield><subfield code="v">Dictionaries</subfield><subfield code="x">Arabic.</subfield></datafield><datafield ind1=" " ind2="0" tag="650"><subfield code="a">Arabic language</subfield><subfield code="v">Dictionaries</subfield><subfield code="x">Persian.</subfield></datafield><datafield ind1="2" ind2=" " tag="710"><subfield code="a">New York University.</subfield><subfield code="b">Libraries.</subfield></datafield><datafield ind1="0" ind2=" " tag="730"><subfield code="a">Arabic Collections Online.</subfield></datafield><datafield ind1="0" ind2="8" tag="776"><subfield code="i">Print version:</subfield><subfield code="a">Qarsh&#299;, &#699;Al&#299; Akbar.</subfield><subfield code="t">Q&#257;m&#363;s-i Qur&#700;&#257;n</subfield><subfield code="w">(NNU)002772021</subfield><subfield code="w">(DLC)85930072/NE</subfield></datafield><datafield ind1="4" ind2="0" tag="856"><subfield code="u">http://hdl.handle.net/2333.1/rbnzs9v4</subfield></datafield><datafield ind1=" " ind2=" " tag="959"><subfield code="a">NNU</subfield><subfield code="b">WEB</subfield><subfield code="c">GENI</subfield><subfield code="t">0</subfield><subfield code="m">Electronic access</subfield><subfield code="s">01</subfield></datafield><datafield ind1=" " ind2=" " tag="999"><subfield code="i">NNU_002772021</subfield><subfield code="o" /><subfield code="e">(ERROR-880)</subfield></datafield></record>